% Google vision api

@ONLINE{googleapi,
    publisher = {Google},
    title     = {Detect text in images},
    url       = {https://cloud.google.com/vision/docs/ocr},
    urldate   = {2022-10-13},
    langid    = {english}
}

% Azure's computer vision

@ONLINE{azurevision,
    publisher = {Microsoft},
    title = {Computer Vision},
    url = {https://azure.microsoft.com/en-us/products/cognitive-services/computer-vision},
    urldate = {2022-10-13},
    langid = {english}
}

% AWS Textract

@ONLINE{awstextract,
    publisher = {Amazon},
    title = {Amazon Textract},
    url = {https://aws.amazon.com/textract/},
    urldate = {2022-10-13},
    langid = {english}
}

% Tesseract OCR

@ONLINE{tesseract,
    publisher = {Tesseract maintainers},
    title = {Tesseract OCR},
    url = {https://github.com/tesseract-ocr/tesseract},
    urldate = {2022-10-13},
    langid = {english}
}

@ONLINE{easyocr,
    publisher = {JaidedAI},
    title = {EasyOCR},
    url = {https://github.com/JaidedAI/EasyOCR},
    urldate = {2022-10-13},
    lagind = {english}
}

@ONLINE{pytorch,
    publisher = {The Linux Foundation},
    title = {PyTorch},
    url = {https://pytorch.org/},
    urldate = {2022-10-13},
    lagind = {english}
}

@ONLINE{awesomeocr,
    publisher = {Konstantin Baierer},
    title = {Awesome OCR},
    url = {https://github.com/kba/awesome-ocr},
    urldate = {2022-10-13},
    lagind = {english}
}

@ONLINE{ocrwikipedia,
    publisher = {Wikipedia},
    title = {Comparison of optical character recognition software},
    url = {https://en.wikipedia.org/wiki/Comparison_of_optical_character_recognition_software},
    urldate = {2022-10-13},
    lagind = {english}
}

@ONLINE{benchmark,
    publisher = {Cem Dilmegani},
    title = {Best OCR: Benchmark on Text Extraction / Capture Accuracy},
    url = {https://research.aimultiple.com/ocr-accuracy},
    urldate = {2022-10-13},
    lagind = {english}
}